
@inproceedings{bengtson2009psi,
  title={Psi-calculi: Mobile processes, nominal data, and logic},
  author={Bengtson, Jesper and Johansson, Magnus and Parrow, Joachim and Victor, Bj{\"o}rn},
  booktitle={Logic In Computer Science, 2009. LICS'09. 24th Annual IEEE Symposium on},
  pages={39--48},
  year={2009},
  organization={IEEE}
}

